<?xml version="1.0" encoding="UTF-8"?><collection xmlns="http://www.loc.gov/MARC21/slim"><record><leader>00518nam--2200157-i-4500</leader><controlfield tag="001">000011370</controlfield><controlfield tag="002">20161230</controlfield><controlfield tag="005">20161230201029</controlfield><controlfield tag="008">060222s1000------------r-----000-0-eng-d</controlfield><datafield ind1=" " ind2=" " tag="080"><subfield code="a">681.3.06:621.372</subfield></datafield><datafield ind1=" " ind2=" " tag="100"><subfield code="a">Bowers, James C. And Sedore, Stephen, R</subfield></datafield><datafield ind1=" " ind2=" " tag="245"><subfield code="a">...sceptre. a computer program for circuit and systems analysis</subfield></datafield><datafield ind1=" " ind2=" " tag="260"><subfield code="a">Englevood Cliffs, Prentice-hall, Inc., 1971 Xviii + 455 P</subfield></datafield><datafield ind1=" " ind2=" " tag="490"><subfield code="a">Computer Applications In Electrical Engineerin G Series</subfield></datafield><datafield ind1=" " ind2=" " tag="700"><subfield code="a">Franklin F. Kuo</subfield></datafield><datafield ind1=" " ind2=" " tag="852"><subfield code="a">42207</subfield></datafield></record></collection>